<collection xmlns="http://www.loc.gov/MARC21/slim">
<record>
  <leader>00763nam0a2200217 i 450 </leader>
  <controlfield tag="001">IT\ICCU\CNCE\010757</controlfield>
  <controlfield tag="005">20150908000000.0</controlfield>
  <datafield tag="012" ind1=" " ind2=" ">
    <subfield code="a">hate o.a. gato sao. (C) 1546 (R)</subfield>
    <subfield code="2">fei</subfield>
  </datafield>
  <datafield tag="100" ind1=" " ind2=" ">
    <subfield code="a">19970101d1546        0itac0103    ba</subfield>
  </datafield>
  <datafield tag="101" ind1=" " ind2=" ">
    <subfield code="a">ITA</subfield>
  </datafield>
  <datafield tag="102" ind1=" " ind2=" ">
    <subfield code="a">IT</subfield>
  </datafield>
  <datafield tag="200" ind1="1" ind2=" ">
    <subfield code="a">Ciarlone ... Composto per il Resoluto de la congrega de&apos; Rozi</subfield>
  </datafield>
  <datafield tag="210" ind1=" " ind2=" ">
    <subfield code="a">In Siena</subfield>
    <subfield code="d">1546 ad XII di giugno</subfield>
  </datafield>
  <datafield tag="215" ind1=" " ind2=" ">
    <subfield code="a">\4! c.</subfield>
    <subfield code="d">8ʻ</subfield>
  </datafield>
  <datafield tag="620" ind1=" " ind2=" ">
    <subfield code="a">IT</subfield>
    <subfield code="d">Siena</subfield>
  </datafield>
  <datafield tag="700" ind1=" " ind2="1">
    <subfield code="a">Cenni,</subfield>
    <subfield code="b">Angelo</subfield>
    <subfield code="3">IT\ICCU\CNCA\001268</subfield>
  </datafield>
  <datafield tag="712" ind1="0" ind2="2">
    <subfield code="a">s.n.</subfield>
    <subfield code="3">IT\ICCU\CNCT\000002</subfield>
    <subfield code="4">650</subfield>
  </datafield>
  <datafield tag="790" ind1=" " ind2="0">
    <subfield code="a">Risoluto</subfield>
    <subfield code="c"> : dei#Rozzi</subfield>
    <subfield code="3">IT\ICCU\CNCA\013135</subfield>
    <subfield code="z">Cenni, Angelo</subfield>
  </datafield>
  <datafield tag="790" ind1=" " ind2="0">
    <subfield code="a">Resoluto</subfield>
    <subfield code="c"> : Rozo</subfield>
    <subfield code="3">IT\ICCU\CNCA\016549</subfield>
    <subfield code="z">Cenni, Angelo</subfield>
  </datafield>
  <datafield tag="801" ind1=" " ind2="3">
    <subfield code="a">IT</subfield>
    <subfield code="b">ICCU</subfield>
    <subfield code="c">20201113</subfield>
  </datafield>
  <datafield tag="899" ind1=" " ind2=" ">
    <subfield code="a">Biblioteca nazionale centrale. Firenze</subfield>
    <subfield code="1">FI0098</subfield>
    <subfield code="2">CFI CF</subfield>
  </datafield>
</record>
</collection>
